% ....nĂˇzov sĂşboru je: literatura.bib
% kniha
@book{Coplien:MPD,
	author = "James O. Coplien",
	title = "Multi-Paradigm Design for C++",
	publisher = "Addison-Wesley",
	year = 1999
}

% ÄŤlĂˇnok v ÄŤasopise
@article{Czarnecki:Staged,
    author = "Krzysztof Czarnecki and Simon Helsen and Ulrich Eisenecker",
    title = "Staged Configuration Through Specialization and Multi-Level Configuration of Feature Models",
    journal = "Software Process: Improvement and Practice",
    volume = 10,
    issue = 2,
    month = apr # "/" # jun,
    year = "2005",
    pages = "143--169",
}

% ÄŤlĂˇnok v zbornĂ­ku
@inproceedings{Czarnecki:Progress,
	author = "Krzysztof Czarnecki and Chang Hwan Peter Kim",
	title = "Cardinality-Based Feature Modeling and Constraints: A Progress Report",
	booktitle = "International Workshop on Software Factories, OOPSLA 2005",
	month = oct,
	year = "2005",
	address = "San Diego, USA",
}

% technickĂˇ sprĂˇva (nepublikovanĂˇ)
@techreport{Kang:FODA,
	author = "Kyo C. Kang and Sholom G. Cohen and James A. Hess and William E. Novak and A. Spencer Peterson",
	title = "Feature-Oriented Domain Analysis ({FODA}): A Feasibility Study",
	institution = "Software Engineering Institute, Carnegie Mellon University",
	address = "Pittsburgh, USA",
	month = nov,
	year = 1990,
	number = "CMU/SEI-90-TR-21",
}

% zdroj na webe
@misc{PLP-Framework,
	author = "Software Engineering Institute, Carnegie Mellon University",
	title = "A Framework for Software Product Line Practice---Version 5.0",
	howpublished = "\url{http://www.sei.cmu.edu/productlines/frame_report/}",
}

@INPROCEEDINGS{4683315,
  author={Nazari, Sara and Meybodi, M.Reza and Salehigh, M. Ali and Taghipour, Sara},
  booktitle={2008 First International Conference on Intelligent Networks and Intelligent Systems}, 
  title={An Advanced Algorithm for Finding Shortest Path in Car Navigation System}, 
  year={2008},
  volume={},
  number={},
  pages={671-674},
  keywords={Navigation;Cities and towns;Intelligent networks;Computer networks;Testing;Cost function;Intelligent systems;Computer industry;Routing;Vehicle dynamics;shortest path;geometrical figures;car navigation system},
  doi={10.1109/ICINIS.2008.147}}

